%%%Macros
@string{EDBT= "Proceedings of the  International Conference on Extending Database Technology (EDBT)"}
@string{VLDB= "Proceedings of Very Large Data Bases"}
@string{PODS= "PODS - Symposium on Principles of Database System"}
@string{LNCS= "Lecture Notes in Computer Science (LNCS)"}
@string{LNAI= "Lecture Notes in Artificial Intelligence (LNAI)"}
@string{MFCS= "Proceedings of the International Symposium on Mathematical Foundations of Computer Science"}
@string{TCS = "TCS - Theoretical Computer Science"}
@string{IJCAI = "Proceedings of the International Joint Conference on Artificial Intelligence"}
@String{j-jucs = "Journal of Universal Computer Science"}






@book{abiteboul1995foundations,
  title={Foundations of Databases},
  author={Abiteboul, S. and Hull, R. and Vianu, V.},
  isbn={9780201537710},
  lccn={94019295},
  year={1995},
  publisher={Addison-Wesley}
}

@book{prolog,
  title={Programming in Prolog: Using the ISO Standard},
  author={Clocksin, W. and Mellish, C.S.},
  isbn={9783642970054},
  url={https://books.google.com.br/books?id=VtWoCAAAQBAJ},
  year={2012},
  publisher={Springer Berlin Heidelberg}
}

@book{hopcroft2001automata,
  title={Introduction to Automata Theory, Languages, and Computation},
  author={Hopcroft, J.E. and Motwani, R. and Ullman, J.D.},
  isbn={9780201441246},
  lccn={78067950},
  series={Addison-Wesley series in computer science},
  year={2001},
  publisher={Addison-Wesley}
}

@book{davies2006semantic-web-trends,
  title={Semantic Web Technologies: Trends and Research in Ontology-based Systems},
  author={Davies, J. and Studer, R. and Warren, P.},
  isbn={9780470030349},
  lccn={2006006501},
  url={https://books.google.com.br/books?id=ePCrymWkcl0C},
  year={2006},
  publisher={Wiley}
}

@book{ritchie2008database,
  title={Database Principles and Design},
  author={Ritchie, C.},
  isbn={9781844805402},
  url={https://books.google.com.br/books?id=fSMmr6ptb9oC},
  year={2008},
  publisher={Cengage Learning}
}

@book{vaish2013getting-nosql,
  title={Getting Started with Nosql},
  author={Vaish, G.},
  isbn={9781849694995},
  url={https://books.google.com.br/books?id=oPiT-V2eYTsC},
  year={2013},
  publisher={Packt Publishing}
}

@book{ducharme2013learning,
  title={Learning SPARQL: Querying and Updating with SPARQL 1.1},
  author={DuCharme, B.},
  isbn={9781449371470},
  url={https://books.google.com.br/books?id=s2RgGxd572QC},
  year={2013},
  publisher={O'Reilly Media}
}

@book{grune2007parsing,
  title={Parsing Techniques: A Practical Guide},
  author={Grune, D. and Jacobs, C.J.H.},
  isbn={9780387689548},
  lccn={2007936901},
  series={Monographs in Computer Science},
  url={https://books.google.com.br/books?id=05xA\_d5dSwAC},
  year={2007},
  publisher={Springer New York}
}


@book{hopgood1969compiling,
  title={Compiling Techniques},
  author={Hopgood, F.R.A.},
  isbn={9780356024745},
  lccn={69012573},
  series={Computer monograph series},
  url={https://books.google.com.br/books?id=E9C7AAAAIAAJ},
  year={1969},
  publisher={American Elsevier Publishing Company}
}

@inproceedings{Zhang2016,
  author    = {Xiaowang Zhang and
               Zhiyong Feng and
               Xin Wang and
               Guozheng Rao and
               Wenrui Wu},
  title     = {Context-Free Path Queries on {RDF} Graphs},
  booktitle = {International Semantic Web Conference {(1)}},
  series    = {Lecture Notes in Computer Science},
  volume    = {9981},
  pages     = {632--648},
  year      = {2016}
}

@article{heath2011linked,
  title={Linked data: Evolving the web into a global data space},
  author={Heath, Tom and Bizer, Christian},
  journal={Synthesis lectures on the semantic web: theory and technology},
  volume={1},
  number={1},
  pages={1--136},
  year={2011},
  publisher={Morgan \& Claypool Publishers}
}

@article{bizer2009linked,
  title={Linked data-the story so far},
  author={Bizer, Christian and Heath, Tom and Berners-Lee, Tim},
  journal={Semantic Services, Interoperability and Web Applications: Emerging Concepts},
  pages={205--227},
  year={2009}
}

@inproceedings{florescu1998containment,
 author = {Florescu, Daniela and Levy, Alon and Suciu, Dan},
 title = {Query Containment for Conjunctive Queries with Regular Expressions},
 booktitle = {Proceedings of the Seventeenth ACM SIGACT-SIGMOD-SIGART Symposium on Principles of Database Systems},
 series = {PODS '98},
 year = {1998},
 isbn = {0-89791-996-3},
 location = {Seattle, Washington, USA},
 pages = {139--148},
 numpages = {10},
 url = {http://doi.acm.org/10.1145/275487.275503},
 doi = {10.1145/275487.275503},
 acmid = {275503},
 publisher = {ACM},
 address = {New York, NY, USA},
} 

@inproceedings{mendelzon1989regular-simple-paths,
 author = {Mendelzon, A. O. and Wood, P. T.},
 title = {Finding Regular Simple Paths in Graph Databases},
 booktitle = {Proceedings of the 15th International Conference on Very Large Data Bases},
 series = {VLDB '89},
 year = {1989},
 isbn = {1-55860-101-5},
 location = {Amsterdam, The Netherlands},
 pages = {185--193},
 numpages = {9},
 url = {http://dl.acm.org/citation.cfm?id=88830.88850},
 acmid = {88850},
 publisher = {Morgan Kaufmann Publishers Inc.},
 address = {San Francisco, CA, USA},
}

@misc{w3c-web-semantica,
  title = {{W3C} - Semantic Web},
  url = {https://www.w3.org/standards/semanticweb/},
  year=2015,
}

@article{berners2001semantic-web,
  title={The semantic web},
  author={Berners-Lee, Tim and Hendler, James and Lassila, Ora and others},
  journal={Scientific american},
  volume={284},
  number={5},
  pages={28--37},
  year={2001},
  publisher={New York, NY, USA:}
}

@misc{w3c-rdf-primer,
  title = {RDF 1.1 Primer},
  url = {https://www.w3.org/TR/2014/NOTE-rdf11-primer-20140225/},
  year=2014
}

@misc{w3c-turtle,
  title = {RDF 1.1 Turtle},
  url = {https://www.w3.org/TR/turtle/},
  year=2014,
}

@misc{w3c-xml,
  author = {W3C},
  title = {{XML} - Extensible Markup Language},
  url = {https://www.w3.org/XML/},
  year=2016,
}

@misc{w3c-sparql,
  author = {W3C},
  title = {{SPARQL} 1.1 Overview },
  url = {https://www.w3.org/TR/sparql11-overview/},
  year=2013,
}

@misc{w3c2012sparql-query-lang,
  author = {W3C},
  title = {{SPARQL} 1.1 Query Language },
  url = {https://www.w3.org/TR/2012/PR-sparql11-query-20121108/},
  year=2012,
}

@misc{w3c-rdfs,
  author = {W3C},
  title = {RDF Schema 1.1},
  url={https://www.w3.org/TR/rdf-schema/},
  year=2014,
}

@misc{w3c-rdf,
  author = {W3C},
  title = {{RDF} - Semantics Web Standards},
  url = {https://www.w3.org/RDF/},
  year =2014,
}

@misc{w3c-rdf-concepts,
    author = {W3C},
	title = {RDF 1.1 Concepts and Abstract Syntax},
    url = {https://www.w3.org/TR/2014/REC-rdf11-concepts-20140225/},
    year = 2014,
}


@book{acharjya2009discrete,
  title={Fundamental Approach to Discrete Mathematics},
  author={Acharjya, D.P.},
  isbn={9788122426076},
  url={https://books.google.com.br/books?id=LS6H6CmbzqwC},
  year={2009},
  publisher={New Age International (P) Limited}
}

@book{cormen2009algorithms,
 author = {Cormen, Thomas H. and Leiserson, Charles E. and Rivest, Ronald L. and Stein, Clifford},
 title = {Introduction to Algorithms, Third Edition},
 year = {2009},
 isbn = {0262033844, 9780262033848},
 edition = {3rd},
 publisher = {The MIT Press},
} 

@book{bondy1976graph,
  title={Graph theory with applications},
  author={Bondy, J.A. and Murty, U.S.R.},
  isbn={0-444-19451-7},
  year={1976},
  publisher={Elsevier Science Publishing Co., Inc.}
}

@book{diestel2000graph,
  title={Graph Theory},
  author={Reinhard Diestel},
  isbn={0-387-95014-1},
  series={Graduate Texts in Mathematics},
  year={2000},
  publisher={Springer}
}

@book{aho2007compilers,
  title={Compilers: Principles, Techniques, and Tools},
  author={Aho, A.V. and Lam, M.S. and Sethi, R. and Ullman, J.D.},
  isbn={9780321547989},
  series={Alternative eText Formats Series},
  url={https://books.google.com.br/books?id=WomBPgAACAAJ},
  year={2007},
  publisher={ADDISON WESLEY Publishing Company Incorporated}
}

@book{appel2002modern,
  title={Modern Compiler Implementation in Java},
  author={Appel, A.W. and Palsberg, J.},
  isbn={9781139434966},
  url={https://books.google.de/books?id=JNs6fWkJZbAC},
  year={2002},
  publisher={Cambridge University Press}
}
@inproceedings{Hellings14,
  title = {Conjunctive Context-Free Path Queries},
  author = {Jelle Hellings},
  year = {2014},
  doi = {http://dx.doi.org/10.5441/002/icdt.2014.15},
  researchr = {http://researchr.org/publication/Hellings14},
  cites = {0},
  citedby = {0},
  pages = {119-130},
  booktitle = {Proc. 17th International Conference on Database Theory (ICDT), Athens, Greece, March 24-28, 2014},
  editor = {Nicole Schweikardt and Vassilis Christophides and Vincent Leroy},
  publisher = {OpenProceedings.org},
}

@techreport{citeulike:821819,
	author = {Martin, David and Burstein, Mark and Hobbs, Erry and Lassila, Ora and Mcdermott, Drew and Mcilraith, Sheila and Narayanan, Srini and Parsia, Bijan and Payne, Terry and Sirin, Evren and Srinivasan, Naveen and Sycara, Katia},
	citeulike-article-id = {821819},
	citeulike-linkout-0 = {http://www.w3.org/Submission/OWL-S/},
	day = {22},
	keywords = {phd},
	month = nov,
	posted-at = {2007-07-20 12:41:17},
	priority = {2},
	title = {{OWL}-S: Semantic Markup for Web Services},
	url = {http://www.w3.org/Submission/OWL-S/},
	year = {2004}
}

@article{MEDEIROS201975,
title = "LL-based query answering over RDF databases",
journal = "Journal of Computer Languages",
volume = "51",
pages = "75 - 87",
year = "2019",
issn = "2590-1184",
doi = "https://doi.org/10.1016/j.cola.2019.02.002",
url = "http://www.sciencedirect.com/science/article/pii/S1045926X18301915",
author = "Ciro M. Medeiros and Martin A. Musicante and Umberto S. Costa",
keywords = "Context-Free graph patterns, Graph databases, RDF, SPARQL"
}


@book{tomita,
 author = {Tomita, Masaru},
 title = {Efficient Parsing for Natural Language: A Fast Algorithm for Practical Systems},
 year = {1985},
 isbn = {0898382025},
 publisher = {Kluwer Academic Publishers},
 address = {Norwell, MA, USA},
} 

@article{nsparql,
    title = "nSPARQL: A navigational language for \{RDF\} ",
    journal = "Web Semantics: Science, Services and Agents on the World Wide Web ",
    volume = "8",
    number = "4",
    pages = "255 - 270",
    year = "2010",
    note = "Semantic Web Challenge 2009User Interaction in Semantic Web research ",
    issn = "1570-8268",
    doi = "http://dx.doi.org/10.1016/j.websem.2010.01.002",
    url = "http://www.sciencedirect.com/science/article/pii/S157082681000003X",
    author = "Jorge P{\'e}rez and Marcelo Arenas and Claudio Gutierrez",
    keywords = "SPARQL",
    keywords = "RDF",
    keywords = "RDFS",
    keywords = "Nested regular expressions "
}

@inproceedings{grigorev2016ll, author = {Grigorev, Semyon and Ragozina, Anastasiya}, title = {Context-Free Path Querying with Structural Representation of Result}, year = {2017}, isbn = {9781450363969}, publisher = {Association for Computing Machinery}, address = {New York, NY, USA}, url = {https://doi.org/10.1145/3166094.3166104}, doi = {10.1145/3166094.3166104}, booktitle = {Proceedings of the 13th Central \& Eastern European Software Engineering Conference in Russia}, articleno = {Article 10}, numpages = {7}, keywords = {LL, top-down parsing, CFPQ, graph parsing, context-free grammar, graph database, path query, GLL}, location = {St. Petersburg, Russia}, series = {CEE-SECR ’17} 
}


@article{gll,
title = "GLL Parsing",
journal = "Electronic Notes in Theoretical Computer Science",
volume = "253",
number = "7",
pages = "177 - 189",
year = "2010",
note = "Proceedings of the Ninth Workshop on Language Descriptions Tools and Applications (LDTA 2009)",
issn = "1571-0661",
doi = "http://dx.doi.org/10.1016/j.entcs.2010.08.041",
url = "http://www.sciencedirect.com/science/article/pii/S1571066110001209",
author = "Elizabeth Scott and Adrian Johnstone",
keywords = "generalised parsing",
keywords = "recursive descent",
keywords = "RNGLR and RIGLR parsing",
keywords = "context free languages"
}

@article{barrett2000formal,
  title={Formal-language-constrained path problems},
  author={Barrett, Chris and Jacob, Riko and Marathe, Madhav},
  journal={SIAM Journal on Computing},
  volume={30},
  number={3},
  pages={809--837},
  year={2000},
  publisher={SIAM}
}

@inproceedings{azimov-grigorev2017matrix, author = {Azimov, Rustam and Grigorev, Semyon}, title = {Context-Free Path Querying by Matrix Multiplication}, year = {2018}, isbn = {9781450356954}, publisher = {Association for Computing Machinery}, address = {New York, NY, USA}, url = {https://doi.org/10.1145/3210259.3210264}, doi = {10.1145/3210259.3210264}, booktitle = {Proceedings of the 1st ACM SIGMOD Joint International Workshop on Graph Data Management Experiences \& Systems (GRADES) and Network Data Analytics (NDA)}, articleno = {Article 5}, numpages = {10}, keywords = {matrix multiplication, graph databases, GPGPU, transitive closure, context-free grammar, context-free path querying}, location = {Houston, Texas}, series = {GRADES-NDA ’18} }

@article{Coo70,
	author =	"E. F. Codd",
	title =		"A relational model of data for large shared data banks",
	journal =	"Communications of the  ACM",
	year = 		"1970",
	volume = 	"13",
	number= 	"6",
}

@book{ABS2000,
	author =	"S. Abiteboul and P. Buneman  and D. Suciu ",
	title =		"Data on the Web - From Relations to Semistructured Data and {XML}",
	year = 		"2000",
	publisher = 	"Morgan Kaufmann Publishers",
}


@book{AMRRS11wdm,
  title={Web Data Management},
  author={S. Abiteboul and I. Manolescu and P. Rigaux and M-C. Rousset and P. Senellart},
  isbn={9781139505055},
  year=2011,
  publisher={Cambridge University Press}
}


@book{RDF-VOCABULARY,
    abstract = {{The Resource Description Framework (RDF) is a general-purpose language for representing information in the Web. This specification describes how to use RDF to describe RDF vocabularies. This specification defines a vocabulary for this purpose and defines other built-in RDF vocabulary initially specified in the RDF Model and Syntax Specification.}},
    citeulike-article-id = {99943},
    citeulike-linkout-0 = {http://www.w3.org/TR/rdf-schema/},
    day = {10},
    editor = {Brickley, Dan and Guha, R. V.},
    institution = {W3C},
    keywords = {dt, dt-n7, rdf, w3c},
    month = feb,
    posted-at = {2007-08-13 08:01:55},
    priority = {2},
    publisher = {World Wide Web Consortium},
    series = {W3C Recommendation},
    title = {{RDF Vocabulary Description Language 1.0: RDF Schema}},
    url = {http://www.w3.org/TR/rdf-schema/},
    year = {2004}
}

@book{powers:practical-rdf,
    abstract = {{<i>Practical RDF</i> explains RDF from the ground up, providing real-world examples and descriptions of how the technology is being used in applications like Mozilla, FOAF, and Chandler, as well as infrastructure you can use to build your own applications. This book cuts to the heart of the W3C's often obscure specifications, giving you tools to apply RDF successfully in your own projects. The first part of the book focuses on the RDF specifications. After an introduction to RDF, the book covers the RDF specification documents themselves, including RDF Semantics and Concepts and Abstract Model specifications, RDF constructs, and the RDF Schema. The second section focuses on programming language support, and the tools and utilities that allow developers to review, edit, parse, store, and manipulate RDF/XML. Subsequent sections focus on RDF's data roots, programming and framework support, and practical implementation and use of RDF and RDF/XML. If you want to know how to apply RDF to information processing, <i>Practical RDF</i> is for you. Whether your interests lie in large-scale information aggregation and analysis or in smaller-scale projects like weblog syndication, this book will provide you with a solid foundation for working with RDF.}},
    address = {Sebastopol, CA, USA},
    author = {Powers, Shelley},
    citeulike-article-id = {108696},
    citeulike-linkout-0 = {http://www.amazon.ca/exec/obidos/redirect?tag=citeulike09-20\&amp;path=ASIN/0596002637},
    citeulike-linkout-1 = {http://www.amazon.de/exec/obidos/redirect?tag=citeulike01-21\&amp;path=ASIN/0596002637},
    citeulike-linkout-2 = {http://www.amazon.fr/exec/obidos/redirect?tag=citeulike06-21\&amp;path=ASIN/0596002637},
    citeulike-linkout-3 = {http://www.amazon.jp/exec/obidos/ASIN/0596002637},
    citeulike-linkout-4 = {http://www.amazon.co.uk/exec/obidos/ASIN/0596002637/citeulike00-21},
    citeulike-linkout-5 = {http://www.amazon.com/exec/obidos/redirect?tag=citeulike07-20\&path=ASIN/0596002637},
    citeulike-linkout-6 = {http://www.worldcat.org/isbn/0596002637},
    citeulike-linkout-7 = {http://books.google.com/books?vid=ISBN0596002637},
    citeulike-linkout-8 = {http://www.amazon.com/gp/search?keywords=0596002637\&index=books\&linkCode=qs},
    citeulike-linkout-9 = {http://www.librarything.com/isbn/0596002637},
    day = {01},
    edition = {1st},
    howpublished = {Paperback},
    isbn = {0596002637},
    keywords = {kr, rdf},
    month = aug,
    posted-at = {2005-03-01 19:16:42},
    priority = {0},
    publisher = {O'Reilly Media, Inc.},
    title = {{Practical RDF}},
    url = {http://www.amazon.com/exec/obidos/redirect?tag=citeulike07-20\&path=ASIN/0596002637},
    year = {2003}
}

@misc{SPARQL,
  added-at = {2013-06-12T18:16:07.000+0200},
  author = {Prud'hommeaux, Eric and Seaborne, Andy},
  biburl = {http://www.bibsonomy.org/bibtex/281ec674480c80bfcc60a53b219a556bf/matax},
  day = 15,
  editor = {{W3C Recommendation}},
  howpublished = {Latest version available as {http://www.w3.org/TR/rdf-sparql-query/}},
  interhash = {dc198da0f907f0129249cab866bbe3d4},
  intrahash = {81ec674480c80bfcc60a53b219a556bf},
  keywords = {imported},
  month = {January},
  timestamp = {2013-06-12T18:16:07.000+0200},
  title = {SPARQL Query Language for RDF},
  url = {http://www.w3.org/TR/2008/REC-rdf-sparql-query-20080115/},
  year = 2008
}

@inproceedings{PerezAG08,
  added-at = {2008-10-24T00:00:00.000+0200},
  author = {Perez, Jorge and Arenas, Marcelo and Gutierrez, Claudio},
  biburl = {http://www.bibsonomy.org/bibtex/22f3fb8acfd963777b08a632aa35b8b92/dblp},
  booktitle = {International Semantic Web Conference},
  OPTcrossref = {conf/semweb/2008},
  date = {2008-10-24},
  description = {dblp},
  editor = {Sheth, Amit P. and Staab, Steffen and Dean, Mike and Paolucci, Massimo and Maynard, Diana and Finin, Timothy W. and Thirunarayan, Krishnaprasad},
  ee = {http://dx.doi.org/10.1007/978-3-540-88564-1_5},
  interhash = {2ad3148f2f5ec50c77990f57187bf7ba},
  intrahash = {2f3fb8acfd963777b08a632aa35b8b92},
  isbn = {978-3-540-88563-4},
  keywords = {dblp},
  pages = {66-81},
  publisher = {Springer},
  series = {Lecture Notes in Computer Science},
  timestamp = {2008-10-24T00:00:00.000+0200},
  title = {nSPARQL: A Navigational Language for RDF.},
  url = {http://dblp.uni-trier.de/db/conf/semweb/iswc2008.html\#PerezAG08},
  volume = 5318,
  year = 2008
}

@article{Valiant75,
  author    = {Leslie G. Valiant},
  title     = {General Context-Free Recognition in Less than Cubic Time},
  journal   = {J. Comput. Syst. Sci.},
  volume    = {10},
  number    = {2},
  pages     = {308--315},
  year      = {1975},
  url       = {https://doi.org/10.1016/S0022-0000(75)80046-8},
  doi       = {10.1016/S0022-0000(75)80046-8},
  timestamp = {Sat, 20 May 2017 00:25:52 +0200},
  biburl    = {http://dblp.uni-trier.de/rec/bib/journals/jcss/Valiant75},
  bibsource = {dblp computer science bibliography, http://dblp.org}
}

@article{MendelzonW95,
  added-at = {2011-09-12T00:00:00.000+0200},
  author = {Mendelzon, Alberto O. and Wood, Peter T.},
  biburl = {http://www.bibsonomy.org/bibtex/2c5924931356e6c060168e307bb8ce833/dblp},
  ee = {http://dx.doi.org/10.1137/S009753979122370X},
  interhash = {823a743f619544bd71ed5b8820e8c94c},
  intrahash = {c5924931356e6c060168e307bb8ce833},
  journal = {SIAM J. Comput.},
  keywords = {dblp},
  number = 6,
  pages = {1235-1258},
  timestamp = {2011-09-12T00:00:00.000+0200},
  title = {Finding Regular Simple Paths in Graph Databases.},
  url = {http://dblp.uni-trier.de/db/journals/siamcomp/siamcomp24.html#MendelzonW95},
  volume = 24,
  year = 1995
}


@inproceedings{FiondaGP12,
  added-at = {2012-04-19T00:00:00.000+0200},
  author = {Fionda, Valeria and Gutierrez, Claudio and Pirro, Giuseppe},
  biburl = {http://www.bibsonomy.org/bibtex/25aafcdf63b6a7924c38bfc22134a6de8/dblp},
  booktitle = {WWW},
  OPTcrossref = {conf/www/2012},
  editor = {Mille, Alain and Gandon, Fabien L. and Misselis, Jacques and Rabinovich, Michael and Staab, Steffen},
  ee = {http://doi.acm.org/10.1145/2187836.2187875},
  interhash = {0b5dab5e9b167ffbca7cc0410e401961},
  intrahash = {5aafcdf63b6a7924c38bfc22134a6de8},
  isbn = {978-1-4503-1229-5},
  keywords = {dblp},
  pages = {281-290},
  publisher = {ACM},
  timestamp = {2012-04-19T00:00:00.000+0200},
  title = {Semantic navigation on the web of data: specification of routes, web fragments and actions.},
  url = {http://dblp.uni-trier.de/db/conf/www/www2012.html\#FiondaGP12},
  year = 2012
}


@article{sevon2008subgraph,
  title={Subgraph queries by context-free grammars},
  author={Sevon, Petteri and Eronen, Lauri},
  journal={Journal of Integrative Bioinformatics (JIB)},
  volume={5},
  number={2},
  pages={157--172},
  year={2008}
}

@book{sql,
  title={Database Systems: Design, Implementation, \& Management},
  author={Coronel, C. and Morris, S.},
  isbn={9781305886841},
  year={2016},
  publisher={Cengage Learning}
}

@article{sglr,
author = {Visser, Eelco},
year = {1999},
month = {04},
pages = {},
title = {Scannerless generalized-LR parsing}
}

@InProceedings{fred,
author="Santos, Fred C.
and Costa, Umberto S.
and Musicante, Martin A.",
editor="Mikkonen, Tommi
and Klamma, Ralf
and Hern{\'a}ndez, Juan",
title="A Bottom-Up Algorithm for Answering Context-Free Path Queries in Graph Databases",
booktitle="Web Engineering",
year="2018",
publisher="Springer International Publishing",
address="Cham",
pages="225--233",
isbn="978-3-319-91662-0"
}

@inproceedings{SAC2018Medeiros,
 author = {Medeiros, Ciro M. and Musicante, Martin A. and Costa, Umberto S.},
 title = {Efficient Evaluation of Context-free Path Queries for Graph Databases},
 booktitle = {Proceedings of the 33rd Annual ACM Symposium on Applied Computing},
 series = {SAC '18},
 year = {2018},
 isbn = {978-1-4503-5191-1},
 location = {Pau, France},
 pages = {1230--1237},
 numpages = {8},
 url = {http://doi.acm.org/10.1145/3167132.3167265},
 doi = {10.1145/3167132.3167265},
 acmid = {3167265},
 publisher = {ACM},
 address = {New York, NY, USA},
 keywords = {context-free grammars, context-free paths in graphs, graph databases, query languages, top-down parsing},
} 

@article{Chebotko2009SPS,
 author = {Chebotko, Artem and Lu, Shiyong and Fotouhi, Farshad},
 title = {Semantics Preserving SPARQL-to-SQL Translation},
 journal = {Data Knowl. Eng.},
 issue_date = {October, 2009},
 volume = {68},
 number = {10},
 month = oct,
 year = {2009},
 issn = {0169-023X},
 pages = {973--1000},
 numpages = {28},
 url = {http://dx.doi.org/10.1016/j.datak.2009.04.001},
 doi = {10.1016/j.datak.2009.04.001},
 acmid = {1598336},
 publisher = {Elsevier Science Publishers B. V.},
 address = {Amsterdam, The Netherlands, The Netherlands},
 keywords = {RDBMS, RDF, RDF store, SPARQL, SPARQL semantics, SPARQL-to-SQL translation, SQL, query},
}

@article{PerezSPARQLsemantics2009,
 author = {P{\'e}rez, Jorge and Arenas, Marcelo and Gutierrez, Claudio},
 title = {Semantics and Complexity of SPARQL},
 journal = {ACM Trans. Database Syst.},
 issue_date = {August 2009},
 volume = {34},
 number = {3},
 month = sep,
 year = {2009},
 issn = {0362-5915},
 pages = {16:1--16:45},
 articleno = {16},
 numpages = {45},
 url = {http://doi.acm.org/10.1145/1567274.1567278},
 doi = {10.1145/1567274.1567278},
 acmid = {1567278},
 publisher = {ACM},
 address = {New York, NY, USA},
 keywords = {Complexity, RDF, SPARQL, query language, semantic Web},
} 

@article{Hellings2015pathresults,
  title={Path Results for Context-free Grammar Queries on Graphs},
  author={Jelle Hellings},
  journal={CoRR},
  year={2015},
  volume={abs/1502.02242}
}

@inproceedings{sac,
  title={Efficient Evaluation of Context-Free Path Queries for Graph Databases},
  author={Medeiros, Ciro M. and Musicante, Martin A. and Costa, Umberto S.},
  booktitle={Proceedings of the Symposium on Applied Computing},
  year={2018},
  organization={ACM}
}

@article{comlan,
title = "LL-based query answering over RDF databases",
journal = "Journal of Computer Languages",
volume = "51",
pages = "75 - 87",
year = "2019",
issn = "2590-1184",
doi = "https://doi.org/10.1016/j.cola.2019.02.002",
url = "http://www.sciencedirect.com/science/article/pii/S1045926X18301915",
author = "Ciro M. Medeiros and Martin A. Musicante and Umberto S. Costa",
keywords = "Context-Free graph patterns, Graph databases, RDF, SPARQL"
}

@inproceedings{jochemkuijpers,
  title={An Experimental Study of Context-Free Path Query Evaluation Methods},
  author={Kuijpers, Jochem and Fletcher, George and Yakovets, Nikolay and Lindaaker, Tobias},
  booktitle={Proceedings of the 31st International Conference on Scientific and Statistical Database Management},
  pages={121--132},
  year={2019},
  organization={ACM}
}

@article{albertbarabasi,
  title = {Statistical mechanics of complex networks},
  author = {Albert, R\'eka and Barab\'asi, Albert-L\'aszl\'o},
  journal = {Rev. Mod. Phys.},
  volume = {74},
  issue = {1},
  pages = {47--97},
  numpages = {0},
  year = {2002},
  month = {Jan},
  publisher = {American Physical Society},
  doi = {10.1103/RevModPhys.74.47},
  url = {https://link.aps.org/doi/10.1103/RevModPhys.74.47}
}

@article{MEDEIROS2019,
title = "LL-based query answering over RDF databases",
journal = "Journal of Computer Languages",
volume = "51",
pages = "75 - 87",
year = "2019",
issn = "2590-1184",
doi = "https://doi.org/10.1016/j.cola.2019.02.002",
url = "http://www.sciencedirect.com/science/article/pii/S1045926X18301915",
author = "Ciro M. Medeiros and Martin A. Musicante and Umberto S. Costa",
keywords = "Context-Free graph patterns, Graph databases, RDF, SPARQL",
abstract = "We present a method based on top-down parsing techniques for evaluating context-free path queries on RDF Graph Databases. The syntax of the query language is based on SPARQL. The language extends SPARQL by allowing the use of non-terminal symbols of a context-free grammar to specify paths on the graph. In this manner, the language subsumes the definition of regular graph patterns present in SPARQL. Our query evaluator takes an RDF graph, a context-free grammar and a declarative query, and produces tuples of values. The query evaluator proceeds in two stages: Firstly, the RDF graph is enriched with edges representing paths which correspond to strings derived by the grammar. We show that this algorithm is correct and presents a cubic worst-case run-time complexity on the number of nodes in the graph, which is an improvement over some previous work. The second stage of the evaluator uses the produced graph to identify tuples of values defined by a declarative query. In order to validate our approach, we conducted experiments by using some popular ontologies as well as synthetic databases. We compare performance results of our method with some related work."
}